<?xml version="1.0" encoding="UTF-8"?>
<record xmlns="http://www.loc.gov/MARC21/slim" xmlns:xsi="http://www.w3.org/2001/XMLSchema-instance" xsi:schemaLocation="http://www.loc.gov/MARC21/slim http://www.loc.gov/standards/marcxml/schema/MARC21slim.xsd">
<leader>00000cam a22      a 4500</leader>
<controlfield tag="001">001949176</controlfield>
<controlfield tag="003">NNU</controlfield>
<controlfield tag="005">20141225152329.0</controlfield>
<controlfield tag="008">911210s1988    ir ah    b    001 0 arard</controlfield>
<datafield tag="010" ind1=" " ind2=" ">
<subfield code="a">   89933580</subfield>
</datafield>
<datafield tag="035" ind1=" " ind2=" ">
<subfield code="a">(OCoLC)24928536</subfield>
</datafield>
<datafield tag="040" ind1=" " ind2=" ">
<subfield code="a">WAU</subfield>
<subfield code="b">eng</subfield>
<subfield code="c">WAU</subfield>
<subfield code="d">DLC</subfield>
<subfield code="d">IXA</subfield>
<subfield code="d">OCLCA</subfield>
<subfield code="d">OCLCF</subfield>
<subfield code="d">NNU</subfield>
</datafield>
<datafield tag="041" ind1="0" ind2=" ">
<subfield code="a">ara</subfield>
<subfield code="a">per</subfield>
</datafield>
<datafield tag="050" ind1=" " ind2="4">
<subfield code="a">B753.I23</subfield>
<subfield code="b">T34 1988</subfield>
</datafield>
<datafield tag="100" ind1="0" ind2=" ">
<subfield code="a">Ibn al-ʻArabī,</subfield>
<subfield code="d">1165-1240</subfield>
<subfield code="6">880-01</subfield>
</datafield>
<datafield tag="245" ind1="1" ind2="3">
<subfield code="6">880-02</subfield>
<subfield code="a">al-Tajalliyāt al-ilāhīyah /</subfield>
<subfield code="c">Muḥyī al-Dīn ibn al-ʻArabī ; hamrāh bā taʻlīqāt Ibn Sūdkīn va Kashf al-ghāyāt fī sharḥ mā iktanafat ʻalayhi al-Tajalliyāt ; taḥqīq ʻUthmān Ismāʻīl Yaḥyá.</subfield>
</datafield>
<datafield tag="246" ind1="1" ind2="5">
<subfield code="a">Ibn al-ʻArabī's al-Tajalliyāt al-ilāhiyya</subfield>
</datafield>
<datafield tag="260" ind1=" " ind2=" ">
<subfield code="6">880-03</subfield>
<subfield code="a">Ṭihrān :</subfield>
<subfield code="b">Markaz-i Nashr-i Dānishgāhī,</subfield>
<subfield code="c">1988.</subfield>
</datafield>
<datafield tag="300" ind1=" " ind2=" ">
<subfield code="a">10, 675 p. :</subfield>
<subfield code="b">ill., facsims. ;</subfield>
<subfield code="c">25 cm.</subfield>
</datafield>
<datafield tag="490" ind1="1" ind2=" ">
<subfield code="6">880-04</subfield>
<subfield code="a">Markaz-i Nashr-i Dānishgāhī ;</subfield>
<subfield code="v">369.</subfield>
<subfield code="a">Falsafah ;</subfield>
<subfield code="v">19</subfield>
</datafield>
<datafield tag="504" ind1=" " ind2=" ">
<subfield code="a">Includes bibliographical references (p. 659-675) and indexes.</subfield>
</datafield>
<datafield tag="500" ind1=" " ind2=" ">
<subfield code="a">Preface in Persian.</subfield>
</datafield>
<datafield tag="546" ind1=" " ind2=" ">
<subfield code="a">Text in Arabic, introd. in Persian.</subfield>
</datafield>
<datafield tag="650" ind1=" " ind2="0">
<subfield code="a">Mysticism</subfield>
<subfield code="x">Islam</subfield>
<subfield code="v">Early works to 1800.</subfield>
</datafield>
<datafield tag="600" ind1="0" ind2="0">
<subfield code="6">880-05</subfield>
<subfield code="a">Ibn al-ʻArabī,</subfield>
<subfield code="d">1165-1240.</subfield>
<subfield code="t">Tajalliyāt al-ilāhīyah.</subfield>
</datafield>
<datafield tag="630" ind1="0" ind2="7">
<subfield code="a">Tajalliyāt al-ilāhīyah (Ibn al-ʻArabī)</subfield>
<subfield code="2">fast</subfield>
<subfield code="0">(OCoLC)fst01378848</subfield>
</datafield>
<datafield tag="650" ind1=" " ind2="7">
<subfield code="a">Mysticism</subfield>
<subfield code="x">Islam.</subfield>
<subfield code="2">fast</subfield>
<subfield code="0">(OCoLC)fst01031643</subfield>
</datafield>
<datafield tag="655" ind1=" " ind2="7">
<subfield code="a">Early works.</subfield>
<subfield code="2">fast</subfield>
<subfield code="0">(OCoLC)fst01411636</subfield>
</datafield>
<datafield tag="700" ind1="1" ind2=" ">
<subfield code="6">880-06</subfield>
<subfield code="a">Yaḥyá, ʻUthmān.</subfield>
</datafield>
<datafield tag="700" ind1="1" ind2=" ">
<subfield code="6">880-07</subfield>
<subfield code="a">Nūrī, Ismāʻīl ibn Sawdakīn,</subfield>
<subfield code="d">1192 or 1193-1248 or 1249.</subfield>
</datafield>
<datafield tag="740" ind1="0" ind2=" ">
<subfield code="6">880-08</subfield>
<subfield code="a">Kashf al-ghāyāt fī sharḥ mā iktanafat ʻalayhi al-Tajalliyāt.</subfield>
</datafield>
<datafield tag="776" ind1="0" ind2="8">
<subfield code="i">Online version:</subfield>
<subfield code="a">Ibn al-ʻArabī, 1165-1240.</subfield>
<subfield code="t">Tajalliyāt al-ilāhīyah.</subfield>
<subfield code="d">Ṭihrān : Markaz-i Nashr-i Dānishgāhī, 1988</subfield>
<subfield code="w">(OCoLC)556522234</subfield>
</datafield>
<datafield tag="880" ind1="0" ind2=" ">
<subfield code="6">100-01/</subfield>
<subfield code="a">ابن العربي،</subfield>
<subfield code="d">1165-1240.</subfield>
</datafield>
<datafield tag="880" ind1="1" ind2="2">
<subfield code="6">245-02/</subfield>
<subfield code="a">التجليات الالهية /</subfield>
<subfield code="c">محيى الدين بن العربي ؛ همراه با تعليقات ابن سودكين و كشف الغايات في شرح ما اكتنفت عليه التجليات ؛ تحقيق عثمان اسماعيل يحيى.</subfield>
</datafield>
<datafield tag="880" ind1=" " ind2=" ">
<subfield code="6">260-03/</subfield>
<subfield code="a">طهران :</subfield>
<subfield code="b">مركز نشر دانشگاهي،</subfield>
<subfield code="c">1988.</subfield>
</datafield>
<datafield tag="880" ind1="1" ind2=" ">
<subfield code="6">490-04/</subfield>
<subfield code="a">مركز نشر دانشگاهي ؛</subfield>
<subfield code="v">369.</subfield>
<subfield code="a">فلسفة ؛</subfield>
<subfield code="v">19</subfield>
</datafield>
<datafield tag="880" ind1="0" ind2="4">
<subfield code="6">600-05/</subfield>
<subfield code="a">ابن العربي.</subfield>
<subfield code="d">1165-1240.</subfield>
<subfield code="t">تجليات الإلهية.</subfield>
</datafield>
<datafield tag="880" ind1="1" ind2=" ">
<subfield code="6">700-06/</subfield>
<subfield code="a">يحيى، عثمان.</subfield>
</datafield>
<datafield tag="880" ind1="1" ind2=" ">
<subfield code="6">700-07/</subfield>
<subfield code="a">نوري، اسماعيل بن سودكين،</subfield>
<subfield code="d">1192 or 1193-1248 or 1249.</subfield>
</datafield>
<datafield tag="880" ind1="0" ind2=" ">
<subfield code="6">740-08/</subfield>
<subfield code="a">كشف الغايات في شرح ما اكتنفت عليه التجليات.</subfield>
</datafield>
<datafield tag="830" ind1=" " ind2="0">
<subfield code="a">Markaz-i Nashr-i Dānishgāhī (Series)</subfield>
<subfield code="6">880-09</subfield>
<subfield code="v">369.</subfield>
</datafield>
<datafield tag="880" ind1=" " ind2="0">
<subfield code="6">830-09/</subfield>
<subfield code="a">مركز نشر دانشگاهي ؛</subfield>
<subfield code="v">369.</subfield>
</datafield>
<datafield tag="830" ind1=" " ind2="0">
<subfield code="a">Markaz-i Nashr-i Dānishgāhī (Series).</subfield>
<subfield code="p">Falsafah</subfield>
<subfield code="6">880-11</subfield>
<subfield code="v">19.</subfield>
</datafield>
<datafield tag="880" ind1=" " ind2="0">
<subfield code="6">830-11/</subfield>
<subfield code="a">مركز نشر دانشگاهي.</subfield>
<subfield code="p">فلسفة ؛</subfield>
<subfield code="v">19.</subfield>
</datafield>
<datafield tag="OWN" ind1=" " ind2=" ">
<subfield code="a">GENERAL</subfield>
</datafield>
<datafield tag="AVA" ind1=" " ind2=" ">
<subfield code="a">NYU50</subfield>
<subfield code="b">BOBST</subfield>
<subfield code="c">Main Collection</subfield>
<subfield code="d">B741 .I25 1988</subfield>
<subfield code="e">unavailable</subfield>
<subfield code="t">Unavailable</subfield>
<subfield code="f">1</subfield>
<subfield code="g">1</subfield>
<subfield code="h">N</subfield>
<subfield code="i">0</subfield>
<subfield code="j">MAIN</subfield>
<subfield code="k">0</subfield>
</datafield>
</record>
